<?xml version="1.0" encoding="UTF-8"?><collection xmlns="http://www.loc.gov/MARC21/slim"><record><leader>00367nam--2200121-i-4500</leader><controlfield tag="001">000037153</controlfield><controlfield tag="002">20161230</controlfield><controlfield tag="005">20161230201041</controlfield><controlfield tag="008">060222s1000------------r-----000-0-eng-d</controlfield><datafield ind1=" " ind2=" " tag="080"><subfield code="a">628.8</subfield></datafield><datafield ind1=" " ind2=" " tag="245"><subfield code="a">Probleme de ventilatie si conditionare a aerului. jeturi de aer. culegere de material documentar</subfield></datafield><datafield ind1=" " ind2=" " tag="260"><subfield code="a">Bucuresti, Inst.De Docum.Tehnica, 1956, 131p</subfield></datafield><datafield ind1=" " ind2=" " tag="852"><subfield code="a">26160</subfield></datafield></record></collection>